@manual{ap401,
title = {Versuchsanleitung zu Versuch Nr. 401 Der Millikan-Versuch},
year = 2023,
organization = {Fakult√§t Physik, TU Dortmund},
}

@online{Messgenauigkeit,
title={Messgenauigkeit Messschraube},
url={https://www.messtechnik-onlineshop.de/Buegelmessschraube-Mikrometer},
urldate={2023-05-26}
}